@Misc{bib:kaggle,
  howpublished = {Режим доступа: {URL: https://www.kaggle.com/datasets/larsen0966/student-performance-data-set/data}},
  note         = {(дата обращения: 14.04.2024)},
  title        = {Набор данных об успеваемости и образе жизни студентов двух португальских школ [Электронный ресурс]},
}

@manual{bib:python,
  title={{Python: язык программирования}},
  author={{Python Core Team}},
  organization={{Python Software Foundation}},
  year={2019},
  url={https://www.python.org/},
}
@misc{bib:scipy,
  author  = {Virtanen, Pauli and Gommers, Ralf and Oliphant, Travis E. },
  title   = {SciPy: Fundamental Algorithms for Scientific
            Computing in Python},
  journal = {Nature Methods},
  year    = {2020},
  volume  = {17},
  pages   = {261--272},
  adsurl  = {https://rdcu.be/b08Wh},
  doi     = {10.1038/s41592-019-0686-2},
}

@misc{bib:sklearn,
  title={Scikit-learn: Machine learning in Python}, 
  author={Pedregosa, Fabian and Varoquaux, Ga{\"e}l and Gramfort, Alexandre and Michel, Vincent and Thirion, Bertrand and Grisel, Olivier and Blondel, Mathieu and Prettenhofer, Peter and Weiss, Ron and Dubourg, Vincent and others}, 
  journal={Journal of machine learning research}, 
  volume={12}, 
  number={Oct}, 
  pages={2825--2830}, 
  year={2011} 
}

@Misc{bib:matplotlib,
  howpublished = {Режим доступа: {URL: https://matplotlib.org (дата обращения: 13.04.2024)}},
  title        = {Библиотека визуализации данных matplotlib [Электронный ресурс]},
}

@inproceedings{bib:pandas,
  author={Wes McKinney},
  title= {Data Structures for Statistical Computing in Python},
  booktitle={Pro-ceedings of the 9th Python in Science Conference},
  pages={51 - 56},
  year={2010}
}

@article{bib:seaborn,
    url = {https://doi.org/10.21105/joss.03021},
    year = {2021},
    publisher = {The Open Journal},
    volume = {6},
    number = {60},
    pages = {3021},
    author = {Michael L. Waskom},
    title = {seaborn: statistical data visualization},
    journal = {Journal of Open Source Software}
 }
@Comment{jabref-meta: databaseType:bibtex;}
