@misc{bib:scipy,
  author  = {Virtanen, Pauli and Gommers, Ralf and Oliphant, Travis E. },
  title   = {SciPy: Fundamental Algorithms for Scientific
            Computing in Python},
  journal = {Nature Methods},
  year    = {2020},
  volume  = {17},
  pages   = {261--272},
  adsurl  = {https://rdcu.be/b08Wh},
  doi     = {10.1038/s41592-019-0686-2},
}

@misc{bib:sklearn,
  title={Scikit-learn: Machine learning in Python}, 
  author={Pedregosa, Fabian and Varoquaux, Ga{\"e}l and Gramfort, Alexandre and Michel, Vincent and Thirion, Bertrand and Grisel, Olivier and Blondel, Mathieu and Prettenhofer, Peter and Weiss, Ron and Dubourg, Vincent and others}, 
  journal={Journal of machine learning research}, 
  volume={12}, 
  number={Oct}, 
  pages={2825--2830}, 
  year={2011} 
}

@Misc{bib:matplotlib,
  howpublished = {Режим доступа: {URL: https://matplotlib.org (дата обращения: 13.12.2023)}},
  title        = {Библиотека визуализации данных matplotlib [Электронный ресурс]},
}
